@article{unmigration2021,
  author = {UN Migration Agency},
  title = {Migration Trends in El Salvador},
  year = {2021},
  journal = {International Migration Journal},
  volume = {25},
  pages = {50--65}
}

@book{remesas2020,
  author = {Carlos Hernández},
  title = {Economía de las Remesas en Centroamérica},
  year = {2020},
  publisher = {Editorial Centroamericana}
}

